@ONLINE{OCRPG,
    author = {Apple},
    title = {Objective-C Runtime Programming Guide},
    url = {http://developer.apple.com/library/mac/#documentation/Cocoa/Conceptual/ObjCRuntimeGuide/Introduction/Introduction.html#//apple_ref/doc/uid/TP40008048}
}

@ONLINE{CPdesc,
    author= Albatross,
    title= {C++: A brief description},
    url = {http://www.cplusplus.com/info/description/}
}

@ONLINE{OCrefl,
    author= {Apple},
    title= {Objective-C Runtime Reference},
    url = {http://developer.apple.com/library/ios/#documentation/Cocoa/Reference/ObjCRuntimeRef/Reference/reference.html}
}