@article{voorstudie,
    author  = "Mathijs Saey",
    title   = "Preliminary study",
    year    = "2011",
    url = "http://pointcarre.vub.ac.be/main/dropbox/dropbox_download.php?cidReq=VUB12171&id=8"
}

@article{specificatiedocument,
    author  = "Mathijs Saey",
    title   = "Specification Document",
    year    = "2011-2012",
    url = "http://pointcarre.vub.ac.be/main/dropbox/dropbox_download.php?cidReq=VUB12171&id=125"
}

@article{subjc,
    author  = "Sebastián González and Nicolás Cardozo and Kim Mens and Alfredo Cádiz, Jean-Christophe Libbrecht and Julien Goffaux",
    title   = "Subjective-C, Bringing Context to Mobile Platform Programming",
    year = "2010",
    url = "http://www.info.ucl.ac.be/~ncardozo/docs/papers/2010/SGonzalez10subc.pdf"
}

@article{iosframeworks,
    author = "Apple",
    title = "Survey the Major Frameworks",
    url = "https://developer.apple.com/library/ios/#referencelibrary/GettingStarted/RoadMapiOS/Frameworks/Surveyt   heMajorFrameworks/SurveytheMajorFrameworks/SurveytheMajorFrameworks.html"
}

@article{pnets1,
    author = "Murata, T",
    title = "Petri nets: Properties, analysis and applications. Proceedings of the IEEE 77(4)",
    year = "1989",
    month = "April"
}

@article{pnets2,
    author = "Best,E and Koutny,M",
    title = "Petri nets semantics of priority systems. Theoretical Computer Science 96",
    year = "1992",
    month = "April",
    pages = "175–215 "
}